@article{lillis2016current,
	Author = {Lillis, David and Becker, Brett and O'Sullivan, Tadhg and Scanlon, Mark},
	Date-Added = {2018-02-04 19:43:18 +0000},
	Date-Modified = {2018-02-04 19:43:18 +0000},
	Journal = {arXiv preprint arXiv:1604.03850},
	Title = {{Current challenges and future research areas for digital forensic investigation}},
	Year = {2016}
}

@article{raghavan2013digital,
  title={{Digital forensic research: current state of the art}},
  author={Raghavan, Sriram},
  journal={CSI Transactions on ICT},
  volume={1},
  number={1},
  pages={91--114},
  year={2013},
  publisher={Springer}
}

@article{hitchcock2016tiered,
	Author = {Hitchcock, Ben and Le-Khac, Nhien-An and Scanlon, Mark},
	Date-Added = {2018-02-04 19:30:32 +0000},
	Date-Modified = {2018-02-04 19:30:32 +0000},
	Journal = {Digital Investigation},
	Pages = {S75--S85},
	Publisher = {Elsevier},
	Title = {{Tiered forensic methodology model for Digital Field Triage by non-digital evidence specialists}},
	Volume = {16},
	Year = {2016}
}

@inproceedings{peffers2006design,
  title={{The design science research process: a model for producing and presenting information systems research}},
  author={Peffers, Ken and Tuunanen, Tuure and Gengler, Charles E and Rossi, Matti and Hui, Wendy and Virtanen, Ville and Bragge, Johanna},
  booktitle={Proceedings of the first international conference on design science research in information systems and technology (DESRIST 2006)},
  pages={83--106},
  year={2006},
  organization={sn}
}

@inproceedings{omeleze2013testing,
	Author = {Omeleze, Stacey and Venter, Hein S},
	Booktitle = {Information Security for South Africa, 2013},
	Date-Added = {2018-02-05 18:26:48 +0000},
	Date-Modified = {2018-02-05 18:26:48 +0000},
	Organization = {IEEE},
	Pages = {1--8},
	Title = {{Testing the harmonised digital forensic investigation process model-using an Android mobile phone}},
	Year = {2013}
}

@article{satishforensic,
	Author = {Satish, B},
	Date-Added = {2018-02-04 21:09:40 +0000},
	Date-Modified = {2018-02-04 21:09:40 +0000},
	Journal = {Securitylearn. net},
	Title = {{Forensic analysis of iPhone backups}}
}

@article{al2012forensic,
	Author = {Al Mutawa, Noora and Baggili, Ibrahim and Marrington, Andrew},
	Date-Added = {2018-02-04 21:07:49 +0000},
	Date-Modified = {2018-02-04 21:07:49 +0000},
	Journal = {Digital Investigation},
	Pages = {S24--S33},
	Publisher = {Elsevier},
	Title = {{Forensic analysis of social networking applications on mobile devices}},
	Volume = {9},
	Year = {2012}
}

@article{shaw2013practical,
	Author = {Shaw, Adrian and Browne, Alan},
	Date-Added = {2018-02-04 20:52:10 +0000},
	Date-Modified = {2018-02-04 20:52:10 +0000},
	Journal = {Digital Investigation},
	Number = {2},
	Pages = {116--128},
	Publisher = {Elsevier},
	Title = {{A practical and robust approach to coping with large volumes of data submitted for digital forensic examination}},
	Volume = {10},
	Year = {2013}
}

@article{chang2015jailbroken,
	Author = {Chang, Ya-Ting and Teng, Ke-Chun and Tso, Yu-Cheng and Wang, Shiuh-Jeng},
	Date-Added = {2018-02-04 20:48:00 +0000},
	Date-Modified = {2018-02-04 20:48:00 +0000},
	Journal = {Journal of Computers},
	Number = {2},
	Title = {{Jailbroken iPhone Forensics for the Investigations and Controversy to Digital Evidence}},
	Volume = {26},
	Year = {2015}
}

@article{jusas2017methods,
	Author = {Jusas, Vacius and Birvinskas, Darius and Gahramanov, Elvar},
	Date-Added = {2018-02-04 20:38:09 +0000},
	Date-Modified = {2018-02-04 20:38:09 +0000},
	Journal = {Symmetry},
	Number = {4},
	Pages = {49},
	Publisher = {Multidisciplinary Digital Publishing Institute},
	Title = {{Methods and tools of digital triage in forensic context: survey and future directions}},
	Volume = {9},
	Year = {2017}
}

@article{james2013survey,
	Author = {James, Joshua I and Gladyshev, Pavel},
	Date-Added = {2018-02-04 19:41:15 +0000},
	Date-Modified = {2018-02-04 19:41:15 +0000},
	Journal = {Digital Investigation},
	Number = {2},
	Pages = {148--157},
	Publisher = {Elsevier},
	Title = {{A survey of digital forensic investigator decision processes and measurement of decisions based on enhanced preview}},
	Volume = {10},
	Year = {2013}
}

@article{hart2004forensic,
	Author = {Hart, Sara V and Ashcroft, John and Daniels, Deborah J},
	Date-Added = {2018-02-04 19:35:35 +0000},
	Date-Modified = {2018-02-04 19:35:35 +0000},
	Journal = {National Institute of Justice NIJ-US, Washington DC, USA, Tech. Rep. NCJ},
	Title = {{Forensic examination of digital evidence: a guide for law enforcement}},
	Volume = {199408},
	Year = {2004}
}

@inproceedings{rogers2006computer,
  title={{Computer forensics field triage process model}},
  author={Rogers, Marcus K and Goldman, James and Mislan, Rick and Wedge, Timothy and Debrota, Steve},
  booktitle={Proceedings of the conference on Digital Forensics, Security and Law},
  pages={27},
  year={2006},
  organization={Association of Digital Forensics, Security and Law}
}

@inproceedings{ajijola2014review,
  title={{A review and comparative evaluation of forensics guidelines of NIST SP 800-101 Rev. 1: 2014 and ISO/IEC 27037: 2012}},
  author={Ajijola, Akinola and Zavarsky, Pavol and Ruhl, Ron},
  booktitle={Internet Security (WorldCIS), 2014 World Congress on},
  pages={66--73},
  year={2014},
  organization={IEEE}
}

@book{yeschke2003art,
  title={The art of investigative interviewing: A human approach to testimonial evidence, Second Edition},
  author={Yeschke, Charles L},
  year={2003},
  publisher={Butterworth-Heinemann Boston}
}

@article{williams2012acpo,
  title={{ACPO Good Practice Guide for Digital Evidence}},
  author={Williams, J},
  journal={Metropolitan Police Service, Association of Chief Police Officers, GB},
  year={2012}
}

@inproceedings{baryamureeba2004enhanced,
  title={{The enhanced digital investigation process model}},
  author={Baryamureeba, Venansius and Tushabe, Florence},
  booktitle={Proceedings of the Fourth Digital Forensic Research Workshop},
  pages={1--9},
  year={2004}
}

@article{noblett2000recovering,
  title={{Recovering and examining computer forensic evidence}},
  author={Noblett, Michael G and Pollitt, Mark M and Presley, Lawrence A},
  journal={{Forensic Science Communications}},
  volume={2},
  number={4},
  year={2000},
  publisher={Federal Bureau of Investigation}
}

@book{ballou2010electronic,
  title={Electronic crime scene investigation: A guide for first responders},
  author={Ballou, Susan},
  year={2010},
  publisher={Diane Publishing}
}

@article{carrier2003getting,
  title={{Getting physical with the digital investigation process}},
  author={Carrier, Brian and Spafford, Eugene H and others},
  journal={International Journal of digital evidence},
  volume={2},
  number={2},
  pages={1--20},
  year={2003},
  publisher={Citeseer}
}

@misc{IDCDataAge2017,
  title={{IDC Thought Leadership Practice Case Study, Data Age 2025: Seagate}},
  author={IDC Custom Solutions},
  note={https://www.idc.com/prodserv/custom-solutions/RESOURCES/ATTACHMENTS/thought-leadership-cs.pdf},
  year={2017}
}

@misc{ayers2014guidelines,
  title={{Guidelines on mobile device forensics (NIST Special Publication 800-101 Revision 1), 1, 85}},
  author={Ayers, R and Jansen, W and Brothers, S},
  year={2014}
}

@techreport{ISO27037,
type = {Standard},
key = {ISO/IEC 27037:2012(EN)},
month = Oct,
year = {2012},
title = {{Information technology -- Security techniques -- Guidelines for identification, collection, acquisition and preservation of digital evidence}},
volume = {2012},
address = {Geneva, Switzerland},
institution = {International Organization for Standardization}
}